@inproceedings{dirac1961rigid,
  title={On rigid circuit graphs},
  author={Dirac, Gabriel Andrew},
  booktitle={Abhandlungen aus dem Mathematischen Seminar der Universit{\"a}t Hamburg},
  volume={25},
  number={1},
  pages={71--76},
  year={1961},
  organization={Springer}
}


@book{bomu08,
    AUTHOR = {Bondy, J. A. and Murty, U. S. R.},
     TITLE = {Graph theory},
    SERIES = {Graduate Texts in Mathematics},
    VOLUME = {244},
 PUBLISHER = {Springer, New York},
      YEAR = {2008},
     PAGES = {xii+651},
      ISBN = {978-1-84628-969-9},
   MRCLASS = {05-01 (05Cxx)},
  MRNUMBER = {2368647 (2009c:05001)},
MRREVIEWER = {Arthur M. Hobbs},
       DOI = {10.1007/978-1-84628-970-5},
       URL = {http://dx.doi.org/10.1007/978-1-84628-970-5},
}


@article{tutte1952factors,
  title={The factors of graphs},
  author={Tutte, WT},
  journal={Canad. J. Math},
  volume={4},
  number={3},
  pages={314--328},
  year={1952}
}



@article{harary1965eulerian,
  title={On eulerian and hamiltonian graphs and line graphs},
  author={Harary, Frank and Nash-Williams, C St JA},
  journal={Canadian Mathematical Bulletin},
  volume={8},
  pages={701--709},
  year={1965},
  publisher={The Canadian Mathematical Society}
}



@article{barnette1966trees,
  title={Trees in polyhedral graphs},
  author={Barnette, David},
  journal={Canad. J. Math},
  volume={18},
  number={1},
  pages={966},
  year={1966}
}





@article{euler1741solutio,
  title={Solutio problematis ad geometriam situs pertinentis},
  author={Euler, Leonhard},
  journal={Commentarii academiae scientiarum Petropolitanae},
  volume={8},
  pages={128--140},
  year={1741}
}


@book{harris2008combinatorics,
  title={Combinatorics and graph theory},
  author={Harris, John Michael and Hirst, Jeffry L and Mossinghoff, Michael J},
  volume={2},
  year={2008},
  publisher={Springer}
}




@article{beineke1970characterizations,
  title={Characterizations of derived graphs},
  author={Beineke, Lowell W},
  journal={Journal of Combinatorial Theory},
  volume={9},
  number={2},
  pages={129--135},
  year={1970},
  publisher={Elsevier}
}




@article{barnette1970hamiltonian,
  title={Hamiltonian circuits on 3-polytopes},
  author={Barnette, David and Jucovi{\v{c}}, Ernest},
  journal={Journal of Combinatorial Theory},
  volume={9},
  number={1},
  pages={54--59},
  year={1970},
  publisher={Elsevier}
}

@article{bondy1971large,
  title={Large cycles in graphs},
  author={Bondy, JA},
  journal={Discrete Mathematics},
  volume={1},
  number={2},
  pages={121--132},
  year={1971},
  publisher={Elsevier}
}


@inproceedings{nash1971edge,
  title={Edge-disjoint Hamiltonian circuits in graphs with vertices of large valency},
  author={Nash-Williams, C St JA},
  booktitle={Studies in Pure Mathematics (Presented to Richard Rado)},
  pages={157--183},
  year={1971}
}


@article{chvatal1972a,
  title={A note on Hamiltonian circuits},
  author={Chv{\'a}tal and Erd{\"o}s},
  journal={Discrete Mathematics},
  volume={2},
  pages={111--113},
  year={1972},
  publisher={Elsevier}
}

@incollection{kronk1972chromatic,
  title={The chromatic number of triangle-free graphs},
  author={Kronk, Hudson V},
  booktitle={Graph Theory and Applications},
  pages={179--181},
  year={1972},
  publisher={Springer}
}

@article{chvatal1973tough,
  title={Tough graphs and Hamiltonian circuits},
  author={Chv{\'a}tal, Va{\v{s}}ek},
  journal={Discrete Mathematics},
  volume={5},
  number={3},
  pages={215--228},
  year={1973},
  publisher={Elsevier}
}


@article{meredith1973regular,
  title={Regular $n$-valent $n$-connected nonHamiltonian non-$n$-edge-colorable graphs},
  author={Meredith, GHJ},
  journal={Journal of Combinatorial Theory, Series B},
  volume={14},
  number={1},
  pages={55--60},
  year={1973},
  publisher={Elsevier}
}



@article{bondy1976a,
  title={A method in graph theory},
  author={Bondy,JA and Chv{\'a}tal},
  journal={Discrete Mathematics},
  volume={15},
  pages={111--136},
  year={1976},
  publisher={Elsevier}
}


@article{linial1976lower,
  title={A lower bound for the circumference of a graph},
  author={Linial, Nathan},
  journal={Discrete Mathematics},
  volume={15},
  number={3},
  pages={297--300},
  year={1976},
  publisher={Elsevier}
}


@article{oberly1979every,
  title={Every connected, locally connected nontrivial graph with no induced claw is hamiltonian},
  author={Oberly, David J and Sumner, David P},
  journal={Journal of Graph Theory},
  volume={3},
  number={4},
  pages={351--356},
  year={1979},
  publisher={Wiley Online Library}
}



@book{bondy1980longest,
  title={Longest paths and cycles in graphs of high degree},
  author={Bondy, John Adrian and University of Waterloo. Faculty of Mathematics},
  year={1980},
  publisher={Faculty of Mathematics, University of Waterloo}
}

@article{shearer1983note,
  title={A note on the independence number of triangle-free graphs},
  author={Shearer, James B},
  journal={Discrete Mathematics},
  volume={46},
  number={1},
  pages={83--87},
  year={1983},
  publisher={Elsevier}
}


@article{veldman83,
crossref="veldman1983existence",}

@article{veldman1983existence,
  title={Existence of dominating cycles and paths},
  author={Veldman, Henk Jan},
  journal={Discrete Mathematics},
  volume={43},
  number={2},
  pages={281--296},
  year={1983},
  publisher={Elsevier}
}


@article{veldman1983existence2,
  title={Existence of D$\lambda$-cycles and D$\lambda$-paths},
  author={Veldman, Henk Jan},
  journal={Discrete Mathematics},
  volume={44},
  number={3},
  pages={309--316},
  year={1983},
  publisher={North-Holland}
}


@article{matthews1984hamiltonian,
  title={Hamiltonian results in K1, 3-free graphs},
  author={Matthews, MM and Sumner, DP},
  journal={Journal of Graph Theory},
  volume={8},
  number={1},
  pages={139--146},
  year={1984},
  publisher={Wiley Online Library}
}

@article{fan1984new,
  title={New sufficient conditions for cycles in graphs},
  author={Fan, Geng-Hua},
  journal={Journal of Combinatorial Theory, Series B},
  volume={37},
  number={3},
  pages={221--227},
  year={1984},
  publisher={Elsevier}
}

@article{matthews1985longest,
  title={Longest paths and cycles in K1, 3-free graphs},
  author={Matthews, Manton M and Sumner, David P},
  journal={Journal of graph theory},
  volume={9},
  number={2},
  pages={269--277},
  year={1985},
  publisher={Wiley Online Library}
}

@article{keil1985finding,
  title={Finding Hamiltonian circuits in interval graphs},
  author={Keil, J Mark},
  journal={Information Processing Letters},
  volume={20},
  number={4},
  pages={201--206},
  year={1985},
  publisher={Elsevier}
}


@article{enomoto1985toughness,
  title={Toughness and the existence of k-factors},
  author={Enomoto, Hikoe and Jackson, Bill and Katerinis, P and Saito, Akira},
  journal={Journal of Graph Theory},
  volume={9},
  number={1},
  pages={87--95},
  year={1985},
  publisher={Wiley Online Library}
}

@article{frankl1986large,
  title={Large triangle-free subgraphs in graphs withoutK 4},
  author={Frankl, Peter and R{\"o}dl, Vojtech},
  journal={Graphs and Combinatorics},
  volume={2},
  number={1},
  pages={135--144},
  year={1986},
  publisher={Springer}
}

@article{alspach1986hamilton,
  title={On Hamilton decompositions of prisms over simple 3-polytopes},
  author={Alspach, Brian and Rosenfeld, Moshe},
  journal={Graphs and Combinatorics},
  volume={2},
  number={1},
  pages={1--8},
  year={1986},
  publisher={Springer}
}


@article{enomoto1986toughness,
  title={Toughness and the existence ofk-factors. II},
  author={Enomoto, Hikoe},
  journal={Graphs and Combinatorics},
  volume={2},
  number={1},
  pages={37--42},
  year={1986},
  publisher={Springer}
}



@article{bauer1987long,
  title={Long cycles in tough graphs},
  author={Bauer, D and Schmeichel, E},
  journal={preprint},
  year={1987}
}



@article{fleischner1988note,
  title={A Note Concerning some Conjectures on Cyclically 4--Edge Connected 3--Regular Graphs},
  author={Fleischner, H and Jackson, B},
  journal={Annals of Discrete Mathematics},
  volume={41},
  pages={171--177},
  year={1988},
  publisher={Elsevier}
}



@article{win1989connection,
  title={On a connection between the existence ofk-trees and the toughness of a graph},
  author={Win, Sein},
  journal={Graphs and Combinatorics},
  volume={5},
  number={1},
  pages={201--205},
  year={1989},
  publisher={Springer}
}


@article{aung1989longest,
  title={Longest cycles in triangle-free graphs},
  author={Aung, Min},
  journal={Journal of Combinatorial Theory, Series B},
  volume={47},
  number={2},
  pages={171--186},
  year={1989},
  publisher={Elsevier}
}


@article{katerinis1990toughness,
  title={Toughness of graphs and the existence of factors},
  author={Katerinis, P},
  journal={Discrete mathematics},
  volume={80},
  number={1},
  pages={81--92},
  year={1990},
  publisher={Elsevier}
}



@article{fouquet1990some,
  title={On some conjectures on cubic 3-connected graphs},
  author={Fouquet, Jean-Luc and Thuillier, Henri},
  journal={Discrete mathematics},
  volume={80},
  number={1},
  pages={41--57},
  year={1990},
  publisher={Elsevier}
}


@article{bauer1990long,
  title={Long cycles in graphs with large degree sums},
  author={Bauer, Douglas and Veldman, Henk Jan and Morgana, Aurora and Schmeichel, Edward F},
  journal={Discrete Mathematics},
  volume={79},
  number={1},
  pages={59--70},
  year={1990},
  publisher={Elsevier}
}


@article{jackson1990k,
  title={k-Walks of graphs},
  author={Jackson, Bill and Wormald, Nicholas C},
  journal={Australasian Journal of Combinatorics},
  volume={2},
  pages={135--146},
  year={1990}
}


@article{chung1990maximum,
  title={The maximum number of edges in $2K_2$-free graphs of bounded degree},
  author={Chung, Fan RK and Gy{\'a}rf{\'a}s, Andr{\'a}s and Tuza, Zsolt and Trotter, William T},
  journal={Discrete Mathematics},
  volume={81},
  number={2},
  pages={129--135},
  year={1990},
  publisher={Elsevier}
}

@article{gould1991updating,
  title={Updating the Hamiltonian problem—a survey},
  author={Gould, Ronald J},
  journal={Journal of Graph Theory},
  volume={15},
  number={2},
  pages={121--157},
  year={1991},
  publisher={Wiley Online Library}
}


@article{erdHos1991degree,
  title={Degree sequences in triangle-free graphs},
  author={Erd{\H{o}}s, Paul and Fajtlowicz, Siemion and Staton, William},
  journal={Discrete mathematics},
  volume={92},
  number={1},
  pages={85--88},
  year={1991},
  publisher={Elsevier}
}


@article{shearer1991note,
  title={A note on the independence number of triangle-free graphs, II},
  author={Shearer, James B},
  journal={Journal of Combinatorial Theory, Series B},
  volume={53},
  number={2},
  pages={300--307},
  year={1991},
  publisher={Elsevier}
}


@article{zhan1991hamiltonian,
  title={On hamiltonian line graphs and connectivity},
  author={Zhan, Siming},
  journal={Discrete Mathematics},
  volume={89},
  number={1},
  pages={89--95},
  year={1991},
  publisher={Elsevier}
}

@article{broersma1993long,
  title={Long paths and cycles in tough graphs},
  author={Broersma, HJ and van den Heuvel, Jan and Jung, HA and Veldman, Henk Jan},
  journal={Graphs and Combinatorics},
  volume={9},
  number={1},
  pages={3--17},
  year={1993},
  publisher={Springer}
}


@article{hujtera1993number,
  title={The number of maximal independent sets in triangle-free graphs},
  author={Hujtera, Mih{\'a}ly and Tuza, Zsolt},
  journal={SIAM Journal on Discrete Mathematics},
  volume={6},
  number={2},
  pages={284--288},
  year={1993},
  publisher={SIAM}
}


@article{lai1994every,
  title={Every 4-connected line graph of a planar graph is hamiltonian},
  author={Lai, Hong-Jian},
  journal={Graphs and Combinatorics},
  volume={10},
  number={2-4},
  pages={249--253},
  year={1994},
  publisher={Springer}
}

@article{gao19942,
  title={2-walks in circuit graphs},
  author={Gao, ZC and Richter, R Bruce},
  journal={Journal of Combinatorial Theory, Series B},
  volume={62},
  number={2},
  pages={259--267},
  year={1994},
  publisher={Elsevier}
}

@article{yu19952,
  title={2--WALKS IN 3-CONNECTED PLANAR GRAPHS},
  author={Yu, XINGXING},
  journal={Australasian Journal of Combinatorics},
  volume={11},
  pages={117--122},
  year={1995}
}

@article{bauer1995toughness,
  title={Toughness and triangle-free graphs},
  author={Bauer, Douglas and Vandenheuvel, Jan and Schmeichel, E},
  journal={Journal of Combinatorial Theory, Series B},
  volume={65},
  number={2},
  pages={208--221},
  year={1995},
  publisher={Elsevier}
}


@article{bauer1995toughness,
  title={Toughness and triangle-free graphs},
  author={Bauer, Douglas and Vandenheuvel, Jan and Schmeichel, E},
  journal={Journal of Combinatorial Theory, Series B},
  volume={65},
  number={2},
  pages={208--221},
  year={1995},
  publisher={Elsevier}
}


@article{bauer1995long,
  title={Long cycles in graphs with prescribed toughness and minimum degree},
  author={Bauer, Douglas and Broersma, HJ and van den Heuvel, Jan and Veldman, Henk Jan},
  journal={Discrete mathematics},
  volume={141},
  number={1},
  pages={1--10},
  year={1995},
  publisher={Elsevier}
}

@article{van1995pancyclicity,
  title={Pancyclicity of hamiltonian line graphs},
  author={Van Blanken, E and van den Heuvel, Jan and Veldman, Henk Jan},
  journal={Discrete mathematics},
  volume={138},
  number={1},
  pages={379--385},
  year={1995},
  publisher={Elsevier}
}

@article{fiedler1995computing,
  title={Computing the orientable genus of projective graphs},
  author={Fiedler, JR and Huneke, John Philip and Richter, R Bruce and Robertson, Neil},
  journal={Journal of Graph Theory},
  volume={20},
  number={3},
  pages={297--308},
  year={1995},
  publisher={Wiley Online Library}
}

@article{kratsch1996toughness,
  title={Toughness, hamiltonicity and split graphs},
  author={Kratsch, Dieter and Lehel, Jen{\H{o}} and M{\"u}ller, Haiko},
  journal={Discrete Mathematics},
  volume={150},
  number={1},
  pages={231--245},
  year={1996},
  publisher={Elsevier}
}

@article{bohme1996toughness,
  title={Toughness and longest cycles in 2-connected planar graphs},
  author={B{\"o}hme, Thomas and Broersma, HJ and Veldman, Henk Jan},
  journal={Journal of Graph Theory},
  volume={23},
  number={3},
  pages={257--263},
  year={1996},
  publisher={Wiley}
}

@article{kratsch1996toughness,
  title={Toughness, hamiltonicity and split graphs},
  author={Kratsch, Dieter and Lehel, Jen{\H{o}} and M{\"u}ller, Haiko},
  journal={Discrete Mathematics},
  volume={150},
  number={1},
  pages={231--245},
  year={1996},
  publisher={Elsevier}
}

@article{katona1997toughness,
  title={Toughness and edge-toughness},
  author={Katona, Gyula Y},
  journal={Discrete Mathematics},
  volume={164},
  number={1},
  pages={187--196},
  year={1997},
  publisher={Elsevier}
}


@article{bohme1997spanning,
  title={Spanning trees with pairwise nonadjacent endvertices},
  author={B{\"o}hme, Thomas and Broersma, HJ and G{\"o}bel, F and Kostochka, Alexandr V and Stiebitz, Michael},
  journal={Discrete Mathematics},
  volume={170},
  number={1-3},
  pages={219--222},
  year={1997},
  publisher={Elsevier}
}



@article{faudree1997claw,
  title={Claw-free graphs—a survey},
  author={Faudree, Ralph and Flandrin, Evelyne and Ryj{\'a}{\v{c}}ek, Zden{\v{e}}k},
  journal={Discrete Mathematics},
  volume={164},
  number={1},
  pages={87--147},
  year={1997},
  publisher={Elsevier}
}

@article{ryjavcek1997closure,
  title={On a closure concept in claw-free graphs},
  author={Ryj{\'a}{\v{c}}ek, Zden{\v{e}}k},
  journal={Journal of Combinatorial Theory, Series B},
  volume={70},
  number={2},
  pages={217--224},
  year={1997},
  publisher={Elsevier}
}

@article{chen1998tough,
  title={Tough enough chordal graphs are hamiltonian},
  author={Chen, Guantao and Jacobson, Michael S and K{\'e}zdy, Andr{\'e} E and Lehel, Jen{\H{o}}},
  journal={Networks},
  volume={31},
  number={1},
  pages={29--38},
  year={1998},
  publisher={Wiley Online Library}
}



@article{chen1998tough,
  title={Tough enough chordal graphs are hamiltonian},
  author={Chen, Guantao and Jacobson, Michael S and K{\'e}zdy, Andr{\'e} E and Lehel, Jen{\H{o}}},
  journal={Networks},
  volume={31},
  number={1},
  pages={29--38},
  year={1998},
  publisher={Wiley Online Library}
}



@article{broersma1998independence,
  title={Independence trees and Hamilton cycles},
  author={Broersma, Hajo and Tuinstra, Hilde},
  journal={Journal of graph theory},
  volume={29},
  number={4},
  pages={227--237},
  year={1998},
  publisher={Wiley Online Library}
}

@article{bohme1999more,
  title={More than one tough chordal planar graphs are hamiltonian},
  author={B{\"o}hme, Thomas and Harant, Jochen and Tk{\'a}{\v{c}}, Michal},
  journal={Journal of Graph Theory},
  volume={32},
  number={4},
  pages={405--410},
  year={1999},
  publisher={Wiley Online Library}
}


@article{bollobas1999closure,
  title={Closure and Hamiltonian-connectivity of claw-free graphs},
  author={Bollob{\'a}s, B{\'e}la and Riordan, Oliver and Ryj{\'a}{\v{c}}ek, Zden{\v{e}}k and Saito, Akira and Schelp, Richard H},
  journal={Discrete mathematics},
  volume={195},
  number={1},
  pages={67--80},
  year={1999},
  publisher={Elsevier}
}

@article{brandt19999,
  title={9-connected claw-free graphs are Hamilton-connected},
  author={Brandt, Stephan},
  journal={Journal of Combinatorial Theory, Series B},
  volume={75},
  number={2},
  pages={167--173},
  year={1999},
  publisher={Elsevier}
}


@article{owens1999nonhamiltonian,
  title={Nonhamiltonian maximal planar graphs with high toughness},
  author={Owens, Peter J},
  journal={Tatra Mt. Math. Publ},
  volume={18},
  number={89},
  pages={89--103},
  year={1999}
}


@article{katona1999properties,
  title={Properties of edge-tough graphs},
  author={Katona, Gyula Y},
  journal={Graphs and Combinatorics},
  volume={15},
  number={3},
  pages={315--325},
  year={1999},
  publisher={Springer}
}



@article{kochol2000equivalence,
  title={Equivalence of Fleischner's and Thomassen's conjectures},
  author={Kochol, Martin},
  journal={Journal of Combinatorial Theory, Series B},
  volume={78},
  number={2},
  pages={277--279},
  year={2000},
  publisher={Elsevier}
}

@article{broersma2000closure,
  title={Closure concepts: a survey},
  author={Broersma, Hajo and Ryj{\'a}{\v{c}}ek, Zden{\v{e}}k and Schiermeyer, Ingo},
  journal={Graphs and Combinatorics},
  volume={16},
  number={1},
  pages={17--48},
  year={2000},
  publisher={Springer}
}

@book{diestel2000graph,
  title={Graph Theory $\{$Graduate Texts in Mathematics; 173$\}$},
  author={Diestel, Reinhard},
  year={2000},
  publisher={Springer-Verlag Berlin and Heidelberg GmbH \& Company KG}
}


@article{bauer2000not,
  title={Not every 2-tough graph is hamiltonian},
  author={Bauer, Douglas and Broersma, HJ and Veldman, Henk Jan},
  journal={Discrete Applied Mathematics},
  volume={99},
  number={1},
  pages={317--321},
  year={2000},
  publisher={Elsevier}
}



@article{ellingham2000toughness,
  title={Toughness, trees, and walks},
  author={Ellingham, Mark N and Zha, Xiaoya},
  journal={Journal of Graph Theory},
  volume={33},
  number={3},
  pages={125--137},
  year={2000}
}

@article{bauer2000chordality,
  title={Chordality and 2-factors in tough graphs},
  author={Bauer, Douglas and Katona, Gyula Y and Kratsch, Dieter and Veldman, Henk Jan},
  journal={Discrete applied mathematics},
  volume={99},
  number={1},
  pages={323--329},
  year={2000},
  publisher={Elsevier}
}


@article{kriesell2001all,
  title={All 4-connected line graphs of claw free graphs are hamiltonian connected},
  author={Kriesell, Matthias},
  journal={Journal of Combinatorial Theory, Series B},
  volume={82},
  number={2},
  pages={306--315},
  year={2001},
  publisher={Elsevier}
}


@article{ellingham2002connected,
  title={Connected (g, f)-factors},
  author={Ellingham, Mark N and Nam, Yunsun and Voss, Heinz-J{\"u}rgen},
  journal={Journal of Graph Theory},
  volume={39},
  number={1},
  pages={62--75},
  year={2002},
  publisher={Wiley Online Library}
}


@article{ryjavcek2003contractibility,
  title={Contractibility techniques as a closure concept},
  author={Ryj{\'a}{\v{c}}ek, Zden{\v{e}}k and Schelp, Richard H},
  journal={Journal of Graph Theory},
  volume={43},
  number={1},
  pages={37--48},
  year={2003},
  publisher={Wiley Online Library}
}


@article{vcada2004hamiltonian,
  title={Hamiltonian decompositions of prisms over cubic graphs},
  author={{\v{C}}ada, Roman and Kaiser, Tom{\'a}{\v{s}} and Rosenfeld, Moshe and Ryj{\'a}{\v{c}}ek, Zden{\v{e}}k},
  journal={Discrete mathematics},
  volume={286},
  number={1},
  pages={45--56},
  year={2004},
  publisher={Elsevier}
}


@article{ellingham2004spanning,
  title={Spanning 2-trails from degree sum conditions},
  author={Ellingham, Mark N and Zha, Xiaoya and Zhang, Yi},
  journal={Journal of Graph Theory},
  volume={45},
  number={4},
  pages={298--319},
  year={2004},
  publisher={Wiley Online Library}
}

@article{jin2004conjecture,
  title={On a conjecture on k-walks of graphs},
  author={Jin, Zemin and Li, Xueliang},
  journal={Australasian Journal of Combinatorics},
  volume={29},
  pages={135--142},
  year={2004},
  publisher={CENTRE FOR COMBINATORICS}
}


@article{enomoto2004long,
  title={Long cycles in triangle-free graphs with prescribed independence number and connectivity},
  author={Enomoto, Hikoe and Kaneko, Atsushi and Saito, Akira and Wei, Bing},
  journal={Journal of Combinatorial Theory, Series B},
  volume={91},
  number={1},
  pages={43--55},
  year={2004},
  publisher={Elsevier}
}


@article{lozin2005independent,
  title={Independent sets in extensions of 2K2-free graphs},
  author={Lozin, Vadim V and Mosca, Raffaele},
  journal={Discrete applied mathematics},
  volume={146},
  number={1},
  pages={74--80},
  year={2005},
  publisher={Elsevier}
}

@article{hu2005hamilton,
  title={Hamilton connectivity of line graphs and claw-free graphs},
  author={Hu, Zhiquan and Tian, Feng and Wei, Bing},
  journal={Journal of Graph Theory},
  volume={50},
  number={2},
  pages={130--141},
  year={2005},
  publisher={Wiley Online Library}
}

@article{lai2006every,
  title={Every 3-connected, essentially 11-connected line graph is hamiltonian},
  author={Lai, Hong-Jian and Shao, Yehong and Wu, Hehui and Zhou, Ju},
  journal={Journal of Combinatorial Theory, Series B},
  volume={96},
  number={4},
  pages={571--576},
  year={2006},
  publisher={Elsevier}
}

@article{MR2221006,
crossref="bauer2006toughness",
}

@article{bauer2006toughness,
  title={Toughness in graphs--a survey},
  author={Bauer, Douglas and Broersma, Hajo and Schmeichel, Edward},
  journal={Graphs and Combinatorics},
  volume={22},
  number={1},
  pages={1--35},
  year={2006},
  publisher={Springer}
}

@article{kaiser2007hamilton,
  title={Hamilton cycles in prisms},
  author={Kaiser, Tom{\'a}{\v{s}} and Ryj{\'a}{\v{c}}ek, Zden{\v{e}}k and Kr{\'a}l, Daniel and Rosenfeld, Moshe and Voss, Heinz-J{\"u}rgen},
  journal={Journal of Graph Theory},
  volume={56},
  number={4},
  pages={249--269},
  year={2007},
  publisher={Wiley Online Library}
}


@article{kral2007closure,
  title={Closure for the property of having a hamiltonian prism},
  author={Kr{\'a}l, Daniel and Stacho, Ladislav},
  journal={Journal of Graph Theory},
  volume={54},
  number={3},
  pages={209--220},
  year={2007},
  publisher={Wiley Online Library}
}



@article{kaiser2007note,
  title={A note on k-walks in bridgeless graphs},
  author={Kaiser, Tom{\'a}{\v{s}} and Ku{\v{z}}el, Roman and Li, Hao and Wang, Guanghui},
  journal={Graphs and Combinatorics},
  volume={23},
  number={3},
  pages={303--308},
  year={2007},
  publisher={Springer}
}



@article{plummer2007graph,
  title={Graph factors and factorization: 1985--2003: a survey},
  author={Plummer, Michael D},
  journal={Discrete Mathematics},
  volume={307},
  number={7},
  pages={791--821},
  year={2007},
  publisher={Elsevier}
}


@article{broersma2007toughness,
  title={Toughness and hamiltonicity in k-trees},
  author={Broersma, Hajo and Xiong, Liming and Yoshimoto, Kiyoshi},
  journal={Discrete mathematics},
  volume={307},
  number={7},
  pages={832--838},
  year={2007},
  publisher={Elsevier}
}


@article{fujita2007edge,
  title={Edge-dominating cycles in graphs},
  author={Fujita, Shinya and Saito, Akira and Yamashita, Tomoki},
  journal={Discrete Mathematics},
  volume={307},
  number={23},
  pages={2934--2942},
  year={2007},
  publisher={Elsevier}
}

@article{kriesell2007degree,
  title={Degree sequences and edge connectivity},
  author={Kriesell, Matthias},
  journal={Preprint},
  year={2007}
}

@article{kaiser2007tough,
  title={Tough spiders},
  author={Kaiser, Tom{\'a}{\v{s}} and Kr{\'a}l, Daniel and Stacho, Ladislav},
  journal={Journal of Graph Theory},
  volume={56},
  number={1},
  pages={23--40},
  year={2007},
  publisher={Wiley Online Library}
}


@article{bauer2008long,
  title={Long cycles in 2-connected triangle-free graphs},
  author={Bauer, Douglas and Kahl, Nathan and McGuire, L and Schmeichel, E},
  journal={ARS COMBINATORIA-WATERLOO THEN WINNIPEG-},
  volume={86},
  pages={295},
  year={2008},
  publisher={CHARLES BABBAGE RESEARCH CENTER}
}


@article{broersma2008contractible,
  title={Contractible subgraphs, Thomassen’s conjecture and the dominating cycle conjecture for snarks},
  author={Broersma, Hajo and Fijav{\v{z}}, Ga{\v{s}}per and Kaiser, Tom{\'a}{\v{s}} and Ku{\v{z}}el, Roman and Ryj{\'a}{\v{c}}ek, Zden{\v{e}}k and Vr{\'a}na, Petr},
  journal={Discrete Mathematics},
  volume={308},
  number={24},
  pages={6064--6077},
  year={2008},
  publisher={Elsevier}
}


@article{lai2008every,
  title={Every 4-connected line graph of a quasi claw-free graph is hamiltonian connected},
  author={Lai, Hong-Jian and Shao, Yehong and Zhan, Mingquan},
  journal={Discrete Mathematics},
  volume={308},
  number={22},
  pages={5312--5316},
  year={2008},
  publisher={Elsevier}
}

@article{teska20092,
  title={On 2-walks in chordal planar graphs},
  author={Teska, Jakub},
  journal={Discrete Mathematics},
  volume={309},
  number={12},
  pages={4017--4026},
  year={2009},
  publisher={Elsevier}
}

@incollection{broersma2009fully,
  title={Fully decomposable split graphs},
  author={Broersma, Hajo and Kratsch, Dieter and Woeginger, Gerhard J},
  booktitle={Combinatorial Algorithms},
  pages={105--112},
  year={2009},
  publisher={Springer}
}

@article{dvovrak2010toughness,
  title={Toughness threshold for the existence of 2-walks in K4-minor-free graphs},
  author={Dvo{\v{r}}{\'a}k, Zden{\v{e}}k and Kr{\'a}l, Daniel and Teska, Jakub},
  journal={Discrete Mathematics},
  volume={310},
  number={3},
  pages={642--651},
  year={2010},
  publisher={Elsevier}
}


@article{zhan2010hamiltonicity,
  title={Hamiltonicity of 6-connected line graphs},
  author={Zhan, Mingquan},
  journal={Discrete Applied Mathematics},
  volume={158},
  number={17},
  pages={1971--1975},
  year={2010},
  publisher={Elsevier}
}

@article{ota2010forbidden,
  title={Forbidden subgraphs and the existence of spanning k-trees},
  author={Ota, Katsuhiro and Sugiyama, Takeshi},
  journal={Discrete Mathematics},
  volume={310},
  number={24},
  pages={3506--3511},
  year={2010},
  publisher={Elsevier}
}



@article{shook2010some,
  title={Some properties of k-trees},
  author={Shook, James M and Wei, Bing},
  journal={Discrete Mathematics},
  volume={310},
  number={17},
  pages={2415--2425},
  year={2010},
  publisher={Elsevier}
}

@article{ryjavcek2011line,
  title={Line graphs of multigraphs and Hamilton-connectedness of claw-free graphs},
  author={Ryj{\'a}{\v{c}}ek, Zden{\v{e}}k and Vr{\'a}na, Petr},
  journal={Journal of Graph Theory},
  volume={66},
  number={2},
  pages={152--173},
  year={2011},
  publisher={Wiley Online Library}
}


@article{ozeki2011spanning,
  title={Spanning trees: A survey},
  author={Ozeki, Kenta and Yamashita, Tomoki},
  journal={Graphs and Combinatorics},
  volume={27},
  number={1},
  pages={1--26},
  year={2011},
  publisher={Springer}
}



@article{ozeki2011dominating,
  title={Dominating cycles in triangle-free graphs.},
  author={Ozeki, Kenta and Yamashita, Tomoki},
  journal={Ars Comb.},
  volume={98},
  pages={173--182},
  year={2011}
}


@article{broersma2012many,
  title={How many conjectures can you stand? A survey},
  author={Broersma, HJ and Ryj{\'a}{\v{c}}ek, Z and Vr{\'a}na, Petr},
  journal={Graphs and Combinatorics},
  volume={28},
  number={1},
  pages={57--75},
  year={2012},
  publisher={Springer}
}

@article{kaiser2012hamilton,
  title={Hamilton cycles in 5-connected line graphs},
  author={Kaiser, Tom{\'a}{\v{s}} and Vr{\'a}na, Petr},
  journal={European Journal of Combinatorics},
  volume={33},
  number={5},
  pages={924--947},
  year={2012},
  publisher={Elsevier}
}

@article{yang2012hamiltonicity,
  title={Hamiltonicity of 3-connected line graphs},
  author={Yang, Weihua and Xiong, Liming and Lai, Hongjian and Guo, Xiaofeng},
  journal={Applied Mathematics Letters},
  volume={25},
  number={11},
  pages={1835--1838},
  year={2012},
  publisher={Elsevier}
}

@article{kano2012spanning,
  title={Spanning trees with a bounded number of leaves in a claw-free graph.},
  author={Kano, Mikio and Kyaw, Aung and Matsuda, Haruhide and Ozeki, Kenta and Saito, Akira and Yamashita, Tomoki},
  journal={Ars Comb.},
  volume={103},
  pages={137--154},
  year={2012}
}

@article{bauer2012degree,
  title={Degree Sequences and the Existence of k-Factors},
  author={Bauer, Douglas and Broersma, HJ and van den Heuvel, Jan and Kahl, Nathan and Schmeichel, E},
  journal={Graphs and combinatorics},
  volume={28},
  number={2},
  pages={149--166},
  year={2012},
  publisher={Springer}
}

@article{bauer2013toughness,
  title={Toughness and vertex degrees},
  author={Bauer, Douglas and Broersma, HJ and van den Heuvel, Jan and Kahl, Nathan and Schmeichel, E},
  journal={Journal of Graph Theory},
  volume={72},
  number={2},
  pages={209--219},
  year={2013},
  publisher={Wiley Online Library}
}

@article{ryjavcek2014closure,
  title={A Closure for 1-Hamilton-Connectedness in Claw-Free Graphs},
  author={Ryj{\'a}{\v{c}}ek, Zden{\v{e}}k and Vr{\'a}na, Petr},
  journal={Journal of Graph Theory},
  volume={75},
  number={4},
  pages={358--376},
  year={2014},
  publisher={Wiley Online Library}
}


@article{wu2014removable,
  title={Removable Edges and Chords of Longest Cycles in 3-Connected Graphs},
  author={Wu, Jichang and Broersma, Hajo and Kang, Haiyan},
  journal={Graphs and Combinatorics},
  volume={30},
  number={3},
  pages={743--753},
  year={2014},
  publisher={Springer}
}



@article{vranarelationship,
  title={A relationship between Thomassen’s conjecture and Bondy’s conjecture},
  author={Vr{\'a}na, Petr and Yoshimoto, Kiyoshi}
}

@article{gould2014recent,
  title={Recent advances on the Hamiltonian problem: Survey III},
  author={Gould, Ronald J},
  journal={Graphs and Combinatorics},
  volume={30},
  number={1},
  pages={1--46},
  year={2014},
  publisher={Springer}
}

@article{broersma2014toughness,
  title={On Toughness and Hamiltonicity of 2K2-Free Graphs},
  author={Broersma, Hajo and Patel, Viresh and Pyatkin, Artem},
  journal={Journal of Graph Theory},
  volume={75},
  number={3},
  pages={244--255},
  year={2014},
  publisher={Wiley Online Library}
}

@article{kouider2005connected,
  title={Connected factors in graphs--a survey},
  author={Kouider, Mekkia and Vestergaard, Preben Dahl},
  journal={Graphs and Combinatorics},
  volume={21},
  number={1},
  pages={1--26},
  year={2005},
  publisher={Springer}
}





@misc{gao2015on,
  title={On $k$-walks in $2K_2$-free graphs},
  author={Gao Mou, Dmitrii V Pasechnik},
  year={2015},
  howpublished={preprint},
}

\end
